<?xml version="1.0" encoding="UTF-8"?>
<marc:record xmlns:marc="http://www.loc.gov/MARC21/slim" xmlns:xsi="http://www.w3.org/2001/XMLSchema-instance"
             xsi:schemaLocation="http://www.loc.gov/MARC21/slim http://www.loc.gov/standards/marcxml/schema/MARC21slim.xsd">
    <marc:leader>00353nas a22001457a 4500</marc:leader>
    <marc:controlfield tag="001">1434807</marc:controlfield>
    <marc:controlfield tag="003">NL-AMISG</marc:controlfield>
    <marc:controlfield tag="005">19980225101011.0</marc:controlfield>
    <marc:controlfield tag="008">199802suuuuuuuune dut d</marc:controlfield>
    <marc:datafield ind1=" " ind2=" " tag="035">
        <marc:subfield code="a">(IISG)IISGb10796834</marc:subfield>
    </marc:datafield>
    <marc:datafield ind1=" " ind2=" " tag="040">
        <marc:subfield code="a">NL-AmISG</marc:subfield>
    </marc:datafield>
    <marc:datafield ind1="1" ind2="0" tag="245">
        <marc:subfield code="a">De nieuwe titel</marc:subfield>
        <marc:subfield code="b">DIt is het B veld</marc:subfield>
        <marc:subfield code="c">Industriebond FNV. Divisionele Kadergroep ENKA.</marc:subfield>
        <marc:subfield code="c">DIt is het C veld</marc:subfield>
        <marc:subfield code="k">Jaarverslag = Annual report.</marc:subfield>
    </marc:datafield>
    <marc:datafield ind1=" " ind2=" " tag="260">
        <marc:subfield code="a">Amsterdam.</marc:subfield>
    </marc:datafield>
    <marc:datafield ind1="2" ind2=" " tag="710">
        <marc:subfield code="a">Industriebond FNV.</marc:subfield>
        <marc:subfield code="b">Divisionele Kadergroep ENKA.</marc:subfield>
        <marc:subfield code="0">(NL-AMISG)359451</marc:subfield>
    </marc:datafield>
    <marc:datafield ind1=" " ind2=" " tag="902">
        <marc:subfield code="a">10622/5BE5BF5C-C48A-47CA-94A4-F02733D5C75E</marc:subfield>
    </marc:datafield>
    <marc:datafield ind1="4" ind2=" " tag="852">
        <marc:subfield code="a">IISG</marc:subfield>
        <marc:subfield code="b">IISG</marc:subfield>
        <marc:subfield code="c">IISG</marc:subfield>
        <marc:subfield code="j">ZK 49617</marc:subfield>
        <marc:subfield code="n">Available</marc:subfield>
        <marc:subfield code="p">Z11008788</marc:subfield>
    </marc:datafield>
    <marc:datafield ind1="4" ind2=" " tag="866">
        <marc:subfield code="a">(1986/87)</marc:subfield>
    </marc:datafield>
    <marc:datafield ind1=" " ind2=" " tag="901">
        <marc:subfield code="a">1434807</marc:subfield>
        <marc:subfield code="b">Unknown</marc:subfield>
        <marc:subfield code="c">1434807</marc:subfield>
        <marc:subfield code="t">biblio</marc:subfield>
    </marc:datafield>
</marc:record>